<?xml version="1.0" encoding="UTF-8"?><collection xmlns="http://www.loc.gov/MARC21/slim"><record><leader>00313nam--2200121-i-4500</leader><controlfield tag="001">000005896</controlfield><controlfield tag="002">20161230</controlfield><controlfield tag="005">20161230201026</controlfield><controlfield tag="008">060222s1000------------r-----000-0-eng-d</controlfield><datafield ind1=" " ind2=" " tag="100"><subfield code="a">Brene Robert G</subfield></datafield><datafield ind1=" " ind2=" " tag="245"><subfield code="a">The shift and shape of spectral lines</subfield></datafield><datafield ind1=" " ind2=" " tag="260"><subfield code="a">Oxford, Pergamon Press, 1961 Xii + 323 P</subfield></datafield><datafield ind1=" " ind2=" " tag="852"><subfield code="a">17468</subfield></datafield></record></collection>